@book{FeilerModelBasedEngineering2012,
	title = {Model-Based Engineering with AADL: An Introduction to the SAE Architecture Analysis \& Design Language},
	author={Peter Feiler and David Gluch},
	year={2012},
	publisher={Addison-Wesley Professional},
}

@ARTICLE{8625938,
  author={Cofer, Darren and Gacek, Andrew and Backes, John and Whalen, Michael W. and Pike, Lee and Foltzer, Adam and Podhradsky, Michal and Klein, Gerwin and Kuz, Ihor and Andronick, June and Heiser, Gernot and Stuart, Douglas},
  journal={Computer}, 
  title={A Formal Approach to Constructing Secure Air Vehicle Software}, 
  year={2018},
  volume={51},
  number={11},
  pages={14-23},
  doi={10.1109/MC.2018.2876051}}

@article{GAO2008111,
title = {Extending Lustre with Timeout Automata},
journal = {Electronic Notes in Theoretical Computer Science},
volume = {203},
number = {4},
pages = {111-124},
year = {2008},
note = {Proceedings of the International Workshop on Model-driven High-level Programming of Embedded Systems (SLA++P 2007)},
issn = {1571-0661},
doi = {https://doi.org/10.1016/j.entcs.2008.05.014},
url = {https://www.sciencedirect.com/science/article/pii/S1571066108003289},
author = {Jimin Gao and Mike Whalen and Eric {Van Wyk}}}

@inproceedings{AADL2TLA,
  title={Towards a formal semantics for AADL execution model},
  author={Jean-François Rolland and Jean-Paul Bodeveix and David Chemouil and Mamoun Filali and D. Thomas},
 booktitle={4th International Congress on Embedded Real Time Software and Systems (ERTS 2008)},
  year={2008}
}

@INPROCEEDINGS{AADL2TASM,
  author={Zhibin Yang and Kai Hu and Dianfu Ma and Lei Pi},
  booktitle={2009 Design, Automation   Test in Europe Conference   Exhibition}, 
  title={Towards a formal semantics for the AADL behavior annex}, 
  year={2009},
  volume={},
  number={},
  pages={1166-1171},
  doi={10.1109/DATE.2009.5090839}}
  
 @InProceedings{AADL2BIP,
author="Chkouri, M. Yassin
and Robert, Anne
and Bozga, Marius
and Sifakis, Joseph",
editor="Chaudron, Michel R. V.",
title="Translating AADL into BIP - Application to the Verification of Real-Time Systems",
booktitle="Models in Software Engineering",
year="2009",
publisher="Springer Berlin Heidelberg",
address="Berlin, Heidelberg",
pages="5--19",
isbn="978-3-642-01648-6"
}

@INPROCEEDINGS{AADS,
  author={Varona-Gómez, Roberto and Villar, Eugenio},
  booktitle={2009 14th IEEE International Conference on Engineering of Complex Computer Systems}, 
  title={AADL Simulation and Performance Analysis in SystemC}, 
  year={2009},
  volume={},
  number={},
  pages={323-328},
  doi={10.1109/ICECCS.2009.11}}
  
@article{AADL2Sync,
author = {Jahier, Erwan and Halbwachs, Nicolas and Raymond, Pascal and Nicollin, Xavier and Lesens, David},
year = {2007},
month = {10},
pages = {},
title = {Virtual Execution of AADL Models via a Translation into Synchronous Programs},
journal = {EMSOFT'07: Proceedings of the Seventh ACM and IEEE International Conference on Embedded Software},
doi = {10.1145/1289927.1289951}
}

@article{pals,
	author = {Meseguer, Jos{\'e} and \"{O}lveczky, Peter Csaba},
	title = {Formalization and Correctness of the PALS Architectural Pattern for Distributed Real-time Systems},
	journal = {Theor. Comput. Sci.},
	volume = {451},
	month = sep,
	year = {2012},
	pages = {1--37},
	numpages = {37},
	keywords = {Distributed real-time systems, Formally verified architectural patterns, Model checking, Rewriting logic, Synchronizers},
}